<?xml version="1.0" encoding="UTF-8"?><record xmlns="http://www.loc.gov/MARC21/slim" xmlns:cinclude="http://apache.org/cocoon/include/1.0" xmlns:zs="http://www.loc.gov/zing/srw/">
  <leader>00484nz  a2200133n  4500</leader>
  <controlfield tag="001">n  82147837 </controlfield>
  <controlfield tag="003">DLC</controlfield>
  <controlfield tag="005">19840322000000.0</controlfield>
  <controlfield tag="008">821101n| acannaab|          |a aaa |||  </controlfield>
  <datafield tag="010" ind1=" " ind2=" ">
    <subfield code="a">n  82147837 </subfield>
  </datafield>
  <datafield tag="040" ind1=" " ind2=" ">
    <subfield code="a">DLC</subfield>
    <subfield code="c">DLC</subfield>
  </datafield>
  <datafield tag="100" ind1="1" ind2="0">
    <subfield code="a">Matirko, V. I.</subfield>
    <subfield code="q">(Vladimir Ivanovich)</subfield>
  </datafield>
  <datafield tag="400" ind1="1" ind2="0">
    <subfield code="a">Matirko, Vladimir Ivanovich</subfield>
  </datafield>
  <datafield tag="670" ind1=" " ind2=" ">
    <subfield code="a">His Otraslevai︠a︡ sistema povyshenii︠a︡ kvalifikat︠s︡ii, 1981:</subfield>
    <subfield code="b">t.p. (V. I. Matirko, kandidat ėkonomicheskikh nauk) colophon (Vladimir Ivanovich Matirko)</subfield>
  </datafield>
</record>